<record><leader>00000cas a2200000 a 4500</leader><controlfield tag="001">35731397</controlfield><controlfield tag="008">961014d19251943miuwr ne      0    0eng c</controlfield><datafield ind1=" " ind2=" " tag="010"><subfield code="a">sn 96077152 </subfield></datafield><datafield ind1=" " ind2=" " tag="040"><subfield code="a">MHN</subfield><subfield code="b">eng</subfield><subfield code="c">MHN</subfield><subfield code="d">OCL</subfield><subfield code="d">OCLCQ</subfield><subfield code="d">OCLCF</subfield><subfield code="d">OCLCO</subfield></datafield><datafield ind1="1" ind2=" " tag="029"><subfield code="a">AU@</subfield><subfield code="b">000012911068</subfield></datafield><datafield ind1=" " ind2=" " tag="042"><subfield code="a">pcc</subfield></datafield><datafield ind1=" " ind2=" " tag="043"><subfield code="a">n-us-mi</subfield></datafield><datafield ind1="0" ind2="4" tag="245"><subfield code="a">The Lake Odessa wave and the Lake Odessa times.</subfield></datafield><datafield ind1="1" ind2="3" tag="246"><subfield code="a">Lake Odessa wave-times</subfield></datafield><datafield ind1="1" ind2="3" tag="246"><subfield code="a">Lake Odessa wave</subfield></datafield><datafield ind1=" " ind2=" " tag="260"><subfield code="a">Lake Odessa, Mich. :</subfield><subfield code="b">Dann Print. &amp; Pub. Co.</subfield></datafield><datafield ind1=" " ind2=" " tag="300"><subfield code="a">v.</subfield></datafield><datafield ind1=" " ind2=" " tag="310"><subfield code="a">Weekly</subfield></datafield><datafield ind1="0" ind2=" " tag="362"><subfield code="a">Vol. 15, no. 8 (May 15, 1925) = old v. 32 ; 32nd yr., no. 9 (May 22, 1925)-48th yr., no. 53 (Dec. 31, 1937 [i.e. 1936]) ; no. 1 (Jan. 7, 1937)-no. 35 (Sept. 2, 1943).</subfield></datafield><datafield ind1=" " ind2=" " tag="515"><subfield code="a">Starting with Jan. 7, 1937 issue, numbering begins with: No. 1 every Jan.</subfield></datafield><datafield ind1=" " ind2="0" tag="651"><subfield code="a">Lake Odessa (Mich.)</subfield><subfield code="v">Newspapers.</subfield></datafield><datafield ind1=" " ind2="0" tag="651"><subfield code="a">Ionia County (Mich.)</subfield><subfield code="v">Newspapers.</subfield></datafield><datafield ind1=" " ind2="7" tag="655"><subfield code="a">Newspapers.</subfield><subfield code="2">fast</subfield><subfield code="0">(OCoLC)fst01423814</subfield></datafield><datafield ind1=" " ind2="7" tag="651"><subfield code="a">Michigan</subfield><subfield code="z">Ionia County.</subfield><subfield code="2">fast</subfield><subfield code="0">(OCoLC)fst01214778</subfield></datafield><datafield ind1=" " ind2="7" tag="651"><subfield code="a">Michigan</subfield><subfield code="z">Lake Odessa.</subfield><subfield code="2">fast</subfield><subfield code="0">(OCoLC)fst01251968</subfield></datafield><datafield ind1=" " ind2=" " tag="752"><subfield code="a">United States</subfield><subfield code="b">Michigan</subfield><subfield code="c">Ionia</subfield><subfield code="d">Lake Odessa.</subfield></datafield><datafield ind1="0" ind2="0" tag="780"><subfield code="t">Lake Odessa wave-times</subfield><subfield code="w">(DLC)sn 96077150</subfield><subfield code="w">(OCoLC)35721380</subfield></datafield><datafield ind1="0" ind2="0" tag="785"><subfield code="t">Lake Odessa wave (Lake Odessa, Mich. : 1943)</subfield><subfield code="w">(DLC)sn 96077151</subfield><subfield code="w">(OCoLC)35731339</subfield></datafield></record>